<record xmlns="http://www.loc.gov/MARC21/slim" xmlns:xsi="http://www.w3.org/2001/XMLSchema-instance" xsi:schemaLocation="http://www.loc.gov/MARC21/slim http://www.loc.gov/standards/marcxml/schema/MARC21slim.xsd"><leader>00000cz   2200000n  4500</leader><controlfield tag="001">oca00379264 </controlfield><controlfield tag="005">19940926180100.3</controlfield><controlfield tag="008">800226n| acannaab           |a aaa |||  </controlfield><datafield ind1=" " ind2=" " tag="010"><subfield code="a">n  79148208 </subfield></datafield><datafield ind1=" " ind2=" " tag="040"><subfield code="a">DLC</subfield><subfield code="c">DLC</subfield><subfield code="d">CoU</subfield><subfield code="d">InU</subfield></datafield><datafield ind1="1" ind2=" " tag="100"><subfield code="a">Flaminio, Marco Antonio,</subfield><subfield code="d">1498-1550</subfield></datafield><datafield ind1="1" ind2=" " tag="400"><subfield code="a">Flaminius, Marcus Antonius,</subfield><subfield code="d">1498-1550</subfield></datafield><datafield ind1="1" ind2=" " tag="400"><subfield code="a">Flaminio, Marcantonio,</subfield><subfield code="d">1498-1550</subfield></datafield><datafield ind1="1" ind2=" " tag="400"><subfield code="a">Flaminio, M. A.</subfield><subfield code="q">(Marco Antonio),</subfield><subfield code="d">1498-1550</subfield></datafield><datafield ind1="1" ind2=" " tag="400"><subfield code="a">Zarabbini, Marco Antonio,</subfield><subfield code="d">1498-1550</subfield></datafield><datafield ind1=" " ind2=" " tag="670"><subfield code="a">Greawell, W. P. Memoirs of Angelus Politianes.</subfield></datafield><datafield ind1=" " ind2=" " tag="670"><subfield code="a">His Carmina, c1993:</subfield><subfield code="b">t.p. (Marcantonio Flaminio)</subfield></datafield><datafield ind1=" " ind2=" " tag="670"><subfield code="a">M.A. Flaminio, a literary leader of reform in Italy in the sixteenth century, 1877:</subfield><subfield code="b">p. 3 (name originally Zarabbini)</subfield></datafield><datafield ind1=" " ind2=" " tag="999"><subfield code="a">100</subfield></datafield></record>